[{"Month":"2011-01","Sales":13946.229},{"Month":"2011-02","Sales":4810.558},{"Month":"2011-03","Sales":55691.009},{"Month":"2011-04","Sales":28295.345},{"Month":"2011-05","Sales":23648.287},{"Month":"2011-06","Sales":34595.1276},{"Month":"2011-07","Sales":33946.393},{"Month":"2011-08","Sales":27909.4685},{"Month":"2011-09","Sales":81777.3508},{"Month":"2011-10","Sales":31453.393},{"Month":"2011-11","Sales":78628.7167},{"Month":"2011-12","Sales":69545.6205},{"Month":"2012-01","Sales":18174.0756},{"Month":"2012-02","Sales":12210.867},{"Month":"2012-03","Sales":38466.796},{"Month":"2012-04","Sales":34195.2085},{"Month":"2012-05","Sales":30131.6865},{"Month":"2012-06","Sales":24797.292},{"Month":"2012-07","Sales":28765.325},{"Month":"2012-08","Sales":36898.3322},{"Month":"2012-09","Sales":64595.918},{"Month":"2012-10","Sales":31404.9235},{"Month":"2012-11","Sales":75972.5635},{"Month":"2012-12","Sales":74919.5212},{"Month":"2013-01","Sales":18542.491},{"Month":"2013-02","Sales":22867.711},{"Month":"2013-03","Sales":51186.217},{"Month":"2013-04","Sales":39248.593},{"Month":"2013-05","Sales":56691.077},{"Month":"2013-06","Sales":39430.443},{"Month":"2013-07","Sales":38440.755},{"Month":"2013-08","Sales":33265.5643},{"Month":"2013-09","Sales":72908.1089},{"Month":"2013-10","Sales":56463.13},{"Month":"2013-11","Sales":82192.3228},{"Month":"2013-12","Sales":97237.417},{"Month":"2014-01","Sales":44703.142},{"Month":"2014-02","Sales":20283.5134},{"Month":"2014-03","Sales":53908.962},{"Month":"2014-04","Sales":40112.4209},{"Month":"2014-05","Sales":45651.2362},{"Month":"2014-06","Sales":48259.7487},{"Month":"2014-07","Sales":48428.365},{"Month":"2014-08","Sales":61516.086},{"Month":"2014-09","Sales":90488.722},{"Month":"2014-10","Sales":77793.7552},{"Month":"2014-11","Sales":112326.471},{"Month":"2014-12","Sales":90474.6008}]